<?xml version="1.0" encoding="UTF-8" ?><marc:collection xmlns:marc="http://www.loc.gov/MARC21/slim" xmlns:xsi="http://www.w3.org/2001/XMLSchema-instance" xsi:schemaLocation="http://www.loc.gov/MARC21/slim http://www.loc.gov/standards/marcxml/schema/MARC21slim.xsd">
<marc:record><marc:leader>02690cam a2200421Ii 4500</marc:leader>
<marc:controlfield tag="001">b12542805</marc:controlfield>
<marc:controlfield tag="003">UaCaAUL</marc:controlfield><marc:controlfield tag="005">20171108115136.0</marc:controlfield><marc:controlfield tag="008">830728s1910    ae            001 0 araod</marc:controlfield><marc:datafield tag="035" ind1=" " ind2=" "><marc:subfield code="a">(OCoLC)9749956</marc:subfield></marc:datafield><marc:datafield tag="040" ind1=" " ind2=" "><marc:subfield code="a">IXA</marc:subfield><marc:subfield code="b">eng</marc:subfield><marc:subfield code="e">rda</marc:subfield><marc:subfield code="c">IXA</marc:subfield><marc:subfield code="d">OCL</marc:subfield><marc:subfield code="d">FLD</marc:subfield><marc:subfield code="d">OCLCG</marc:subfield><marc:subfield code="d">OCLCA</marc:subfield><marc:subfield code="d">OCLCQ</marc:subfield><marc:subfield code="d">OCLCF</marc:subfield><marc:subfield code="d">OCLCO</marc:subfield><marc:subfield code="d">MEAUC</marc:subfield></marc:datafield><marc:datafield tag="043" ind1=" " ind2=" "><marc:subfield code="a">f-ae---</marc:subfield></marc:datafield><marc:datafield tag="049" ind1=" " ind2=" "><marc:subfield code="a">MAIN</marc:subfield></marc:datafield><marc:datafield tag="050" ind1=" " ind2="4"><marc:subfield code="a">DT229.B7</marc:subfield><marc:subfield code="b">G5 1910</marc:subfield></marc:datafield><marc:datafield tag="066" ind1=" " ind2=" "><marc:subfield code="c">(3</marc:subfield></marc:datafield><marc:datafield tag="090" ind1=" " ind2=" "><marc:subfield code="a">DT229.B7</marc:subfield><marc:subfield code="b">G5 1910</marc:subfield></marc:datafield><marc:datafield tag="100" ind1="1" ind2=" "><marc:subfield code="6">880-01</marc:subfield><marc:subfield code="a">Ghibrīnī, Aḥmad ibn Aḥmad,</marc:subfield><marc:subfield code="d">1246 or 1247-1315.</marc:subfield></marc:datafield><marc:datafield tag="245" ind1="1" ind2="0"><marc:subfield code="6">880-02</marc:subfield><marc:subfield code="a">ʻUnwān al-dirāyah fī-man ʻurifa min al-ʻulamāʼ fī al-miʼah al-sābiʻah bi-Bijāyah /</marc:subfield><marc:subfield code="c">taʼlīf al-ʻālim al-ʻallāmah al-ḥabr al-baḥr al-fahhāmah al-shaykh Abī al-ʻAbbās Aḥmad ibn Aḥmad ibn ʻAbd Allāh al-Ghibrīnī al-mutawaffá fī 12 Dhī al-Qaʻdah sanat 714 taghammadahu Allāh bi-raḥmatihi āmīn.</marc:subfield></marc:datafield><marc:datafield tag="250" ind1=" " ind2=" "><marc:subfield code="6">880-03</marc:subfield><marc:subfield code="a">al-Ṭabʻah  al-ūlá.</marc:subfield></marc:datafield><marc:datafield tag="264" ind1=" " ind2="1"><marc:subfield code="6">880-04</marc:subfield><marc:subfield code="a">al-Jazāʼir :</marc:subfield><marc:subfield code="b">al-Maṭbaʻah al-Thaʻālibīyah li-ṣāḥibihā Aḥmad ibn Murād al-Turkī wa-akhīhi bi-madīnat al-Jazāʼir al-maḥmīyah,</marc:subfield><marc:subfield code="c">1328, 1910.</marc:subfield></marc:datafield><marc:datafield tag="300" ind1=" " ind2=" "><marc:subfield code="a">236, 8 pages ;</marc:subfield><marc:subfield code="c">25 cm.</marc:subfield></marc:datafield><marc:datafield tag="336" ind1=" " ind2=" "><marc:subfield code="a">text</marc:subfield><marc:subfield code="b">txt</marc:subfield><marc:subfield code="2">rdacontent.</marc:subfield></marc:datafield><marc:datafield tag="337" ind1=" " ind2=" "><marc:subfield code="a">unmediated</marc:subfield><marc:subfield code="b">n</marc:subfield><marc:subfield code="2">rdamedia.</marc:subfield></marc:datafield><marc:datafield tag="338" ind1=" " ind2=" "><marc:subfield code="a">volume</marc:subfield><marc:subfield code="b">nc</marc:subfield><marc:subfield code="2">rdacarrier.</marc:subfield></marc:datafield><marc:datafield tag="500" ind1=" " ind2=" "><marc:subfield code="a">Includes index.</marc:subfield></marc:datafield><marc:datafield tag="500" ind1=" " ind2=" "><marc:subfield code="a">Colophon dated: Ṣafar sanat 1329.</marc:subfield></marc:datafield><marc:datafield tag="650" ind1=" " ind2="0"><marc:subfield code="a">Muslim Scholars</marc:subfield><marc:subfield code="v">Biography.</marc:subfield></marc:datafield><marc:datafield tag="650" ind1=" " ind2="0"><marc:subfield code="a">Ulama</marc:subfield><marc:subfield code="z">Algeria</marc:subfield><marc:subfield code="z">Bejaïa</marc:subfield><marc:subfield code="v">Biography</marc:subfield><marc:subfield code="y">Early works to 1800.</marc:subfield></marc:datafield><marc:datafield tag="651" ind1=" " ind2="0"><marc:subfield code="a">Bejaïa (Algeria)</marc:subfield><marc:subfield code="v">Biography.</marc:subfield></marc:datafield><marc:datafield tag="776" ind1="0" ind2="8"><marc:subfield code="i">Online version:</marc:subfield><marc:subfield code="a">Ghibrīnī, Aḥmad ibn Aḥmad, 1246 or 7-1315.</marc:subfield><marc:subfield code="t">ʻUnwān al-dirāyah fī-man ʻurifa min al-ʻulamāʼ fī al-miʼah al-sābiʻah bi-Bijāyah.</marc:subfield><marc:subfield code="b">al-Ṭabʻah 1.</marc:subfield><marc:subfield code="d">al-Jazāʼir : al-Maṭbaʻah al-Thaʻālibīyah, 1910</marc:subfield><marc:subfield code="w">(OCoLC)780151213.</marc:subfield></marc:datafield><marc:datafield tag="880" ind1="1" ind2="0"><marc:subfield code="6">245-02/(3/r</marc:subfield><marc:subfield code="a">عنوان الدراية فيمن عرف من العلماء في المائة السابعة ببجاية /‪</marc:subfield><marc:subfield code="c">تأليف العالم العلامة الحبر البحر الفهامة الشيخ ابي العباس احمد بن احمد بن عبد الله الغبريني المتوفى في 12 ذي القعدة سنة 714 تغمده الله برحمته آمين..</marc:subfield></marc:datafield><marc:datafield tag="880" ind1="1" ind2=" "><marc:subfield code="6">100-01/(3/r</marc:subfield><marc:subfield code="a">غبريني، احمد بن احمد،‪</marc:subfield><marc:subfield code="d">1246 أو 1247-1315.</marc:subfield></marc:datafield><marc:datafield tag="880" ind1=" " ind2=" "><marc:subfield code="6">250-03/(3/r</marc:subfield><marc:subfield code="a">الطبعة  الأولى..</marc:subfield></marc:datafield><marc:datafield tag="880" ind1=" " ind2="1"><marc:subfield code="6">264-04/(3/r</marc:subfield><marc:subfield code="a">الجزائر :‪</marc:subfield><marc:subfield code="b">المطبعة الثعالبية لصاحبها احمد بن مراد التركي واخيه بمدينة الجزائر المحمية،‪</marc:subfield><marc:subfield code="c">1329, 1911.</marc:subfield></marc:datafield><marc:datafield tag="907" ind1=" " ind2=" "><marc:subfield code="a">.b12542805</marc:subfield><marc:subfield code="b">main </marc:subfield></marc:datafield><marc:datafield tag="902" ind1=" " ind2=" "><marc:subfield code="a">171114</marc:subfield></marc:datafield><marc:datafield tag="998" ind1=" " ind2=" "><marc:subfield code="b">1</marc:subfield><marc:subfield code="c">001015</marc:subfield><marc:subfield code="d">m</marc:subfield><marc:subfield code="e">a</marc:subfield><marc:subfield code="f">-</marc:subfield><marc:subfield code="g">0</marc:subfield><marc:subfield code="k">TA</marc:subfield></marc:datafield><marc:datafield tag="945" ind1=" " ind2=" "><marc:subfield code="l">main </marc:subfield></marc:datafield></marc:record>
</marc:collection>
